
@article{team2000r,
    title = {\R{} Language Definition},
    author = {{\R{} Core Team}},
    journal = {\R{} Foundation for Statistical Computing},
    year = {2000}
}

@article{ihaka1996r,
  title = {\R{}: a Language for Data Analysis and Graphics},
  author = {Ihaka, Ross and Gentleman, Robert},
  journal = {Journal of Computational and Graphical Statistics},
  % volume = {5},
  % number = {3},
  % pages = {299--314},
  year = {1996},
  % publisher = {Taylor \& Francis}
}

@online{Rwebsite,
  title = {The Comprehensive R Archive Network},
  author = {{\R{} Core Team}},
  url = {https://cran.r-project.org/},
  year = {2017}
}

@inproceedings{kalibera2014fast,
    title={A Fast Abstract Syntax Tree Interpreter for \R},
    author={Kalibera, Tomas and Maj, Petr and Morandat, Floreal and Vitek, Jan},
    booktitle={Virtual Execution Environments},
    % volume = {49},
    % number = {7},
    % pages = {89--102},
    year = {2014},
    % organization={ACM}
}

@inproceedings{bodin2014trusted,
    title = {A Trusted Mechanised JavaScript Specification},
    author = {Bodin, Martin and Charguéraud, Arthur and Filaretti, Daniele and Gardner, Philippa and Maffeis, Sergio and Naudžiūnienė, Daiva and Schmitt, Alan and Smith, Gareth},
    booktitle = {Principles of Programming Languages},
    % volume = {49},
    % number = {1},
    % pages = {87--100},
    year = {2014},
    % organization = {ACM}
}

@inproceedings{cohen2013refinements,
    title = {Refinements for Free!},
    author = {Cohen, Cyril and Dénes, Maxime and Mörtberg, Anders},
    booktitle = {Certified Programs and Proofs},
    % pages = {147--162},
    year = {2013},
    % organization = {Springer}
}

@inproceedings{maj2013testr,
    title={TestR: R language test driven specification},
    author={Maj, Petr and Kalibera, Tomas and Vitek, Jan},
    booktitle = {The \R{} User Conference, useR!},
    % volume = {10},
    % number = {30},
    % pages = {149},
    year = {2013}
}

@online{JSExplain,
    utl = {http://ajacs.inria.fr/jsexplain/driver.html},
    author = {Chargéraud, Arthur and Schmitt, Alan and Wood, Thomas},
    year = {2016},
    title = {Interactive Debugger for the JavaScript Specification}
}

